@inproceedings{bitcoin,
    author = {Nakamoto, Satoshi},
    title="Bitcoin: A Peer-to-Peer Electronic Cash System",
    howpublished= {\url{https://bitcoin.org/bitcoin.pdf}},
    year = "2008",
    note={``[Online; accessed 5-April-2020]''}
}
@inproceedings{ethereum,
    author = {Buterin, Vitalik},
    title="Ethereum White Paper: A Next Generation Smart Contract \& Decentralized Application Platform",
    howpublished= {\url{https://bitcoin.org/bitcoin.pdf}},
    year = "2008",
    note={``[Online; accessed 5-April-2020]''}
}
@inproceedings{vulnerabilities,
    author = {Praitheeshan, Purathani and Pan, Lei and Yu, Jiangshan and Liu, Joseph and Doss, Robin},
    title="Security Analysis Methods on Ethereum Smart Contract Vulnerabilities â€” A Survey",
    howpublished= {\url{https://arxiv.org/pdf/1908.08605.pdf}},
    year = "2020",
    note={``[Online; accessed 5-April-2020]''}
}

@inproceedings{dao,
    author = {Madeira, Antonio},
    title = {The Dao, the Hack, the Soft Fork and the Hard Fork},
    year = {2019},
    url = {https://www.cryptocompare.com/coins/guides/the-dao-the-hack-the-soft-fork-and-the-hard-fork/},
    note={``[Online; accessed 5-April-2020]''}
}


@misc{manticore,
    author = "Trail of Bits",
    title="Manticore",
    howpublished= {\url{https://github.com/trailofbits/manticore}},
    year ="2019",
    note = "[Online; accessed 6-April-2020]"
}

@misc{etherscan,
    author = "Etherscan",
    title="Etherscan",
    howpublished= {\url{https://etherscan.io/aboutus}},
    year ="2015",
    note = "[Online; accessed 6-April-2020]"
}
