@inproceedings{z3,
    title={Z3: An efficient SMT solver},
    author={De Moura, Leonardo and Bj{\o}rner, Nikolaj},
    booktitle={International conference on Tools and Algorithms for the Construction and Analysis of Systems},
    pages={337--340},
    year={2008},
    organization={Springer}
}

@misc{citl,
    author = "Zatko, Sarah and Zatko, Peiter and Carstens, Tim and Thompson, Parker and Stach, Patrick",
    title="Binary Hardening in IoT products",
    year="2019",
    howpublished={\url{https://cyber-itl.org/2019/08/26/iot-data-writeup.html}},
    note = "[Online; accessed 21-September-2019]",
}

@misc{ghidra,
    author = "National Security Agency",
    title="GHIDRA",
    howpublished= {\url{https://www.nsa.gov/resources/everyone/ghidra/}},
    year ="2019",
    note = "[Online; accessed 21-September-2019]"
}

@misc{texsplained,
    author        = {Olivier Thomas},
    title         = {Integrated Circuit Reverse Engineering and Code Dumping},
    month         = {July},
    year          = {2019},
    publisher     = {RECON 2019 Training}
}

@misc{binwalk,
    author        = {Craig Heffne},
    title         = {Binwalk},
    howpublished= {\url{https://github.com/ReFirmLabs/binwalk}},
    year          = {2019},
    note = "[Online; accessed 21-September-2019]"
}

@article{angr,
    title={SoK: (State of) The Art of War: Offensive Techniques in Binary Analysis},
    author={Shoshitaishvili, Yan and Wang, Ruoyu and Salls, Christopher and Stephens, Nick and Polino, Mario and Dutcher, Audrey and Grosen, John and Feng, Siji and Hauser, Christophe and Kruegel, Christopher and Vigna, Giovanni},
    booktitle={IEEE Symposium on Security and Privacy},
    year={2016}
}

@inproceedings{panda,
  title={Repeatable reverse engineering with PANDA},
  author={Dolan-Gavitt, Brendan and Hodosh, Josh and Hulin, Patrick and Leek, Tim and Whelan, Ryan},
  booktitle={Proceedings of the 5th Program Protection and Reverse Engineering Workshop},
  pages={4},
  year={2015},
  organization={ACM}
}

@misc{rpi-hwre,
    author={Zonenberg, Andrew},
    title         = {Hardware Reverse Engineering},
    howpublished= {\url{http://security.cs.rpi.edu/courses/hwre-spring2014/}},
    year          = {2014},
    publisher     = {Rensselaer Polytechnic Institute},
    note = "[Online; accessed 21-September-2019]"
}

@misc{mhi,
    author={Mitsubishi Heavy Industries},
    title = {Automatic Identification and Data Collection},
    howpublished = {\url{http://www.mhi.org/fundamentals/automatic-identification}},
    year = {2016},
    publisher = {MHI},
    note = "[Online; accessed 22-September-2019]"
}

@misc{blackhat,
    author={Lukas Grunwald},
    title = {New Attacks against RFID-Systems},
    howpublished = {\url{https://www.blackhat.com/presentations/bh-usa-06/BH-US-06-Grunwald.pdf}},
    publisher = {Black Hat},
    note = "[Online; accessed 22-September-2019]"
}

@misc{blackhat2,
    author={Karsten Nohl},
    title= {MIFARE---Little Security, despite Obscurity},
    howpublished = {\url{https://www.blackhat.com/presentations/bh-usa-08/Nohl/BH_US_08_Nohl_Mifare.pdf}},
    publisher = {Black Hat},
    note = "[Online; accessed 22-September-2019]"
}

@misc{blackhat3,
   author={MÃ¡rcio Almeida},
   title= {Hacking Mifare Classic Cards},
   howpublished = {\url{https://www.blackhat.com/docs/sp-14/materials/arsenal/sp-14-Almeida-Hacking-MIFARE-Classic-Cards-Slides.pdf}},
   publisher = {Black Hat},
   note = "[Online; accessed 22-September-2019]",
}

@MISC{eavesdropping,
    author = {G. P. Hancke and Smart Card Centre},
    title = {Eavesdropping Attacks on High-Frequency RFID Tokens},
    year = {2008}
}
