@inproceedings{bitcoin,
    author = {Nakamoto, Satoshi},
    title="Bitcoin: A Peer-to-Peer Electronic Cash System",
    howpublished= {\url{https://bitcoin.org/bitcoin.pdf}},
    year = "2008",
    note={``[Online; accessed 5-April-2020]''}
}
@inproceedings{ethereum,
    author = {Buterin, Vitalik},
    title="Ethereum White Paper: A Next Generation Smart Contract \& Decentralized Application Platform",
    howpublished= {\url{https://bitcoin.org/bitcoin.pdf}},
    year = "2008",
    note={``[Online; accessed 5-April-2020]''}
}
@inproceedings{vulnerabilities,
    author = {Praitheeshan, Purathani and Pan, Lei and Yu, Jiangshan and Liu, Joseph and Doss, Robin},
    title="Security Analysis Methods on Ethereum Smart Contract Vulnerabilities â€” A Survey",
    howpublished= {\url{https://arxiv.org/pdf/1908.08605.pdf}},
    year = "2020",
    note={``[Online; accessed 5-April-2020]''}
}

@inproceedings{dao,
    author = {Madeira, Antonio},
    title = {The Dao, the Hack, the Soft Fork and the Hard Fork},
    year = {2019},
    url = {https://www.cryptocompare.com/coins/guides/the-dao-the-hack-the-soft-fork-and-the-hard-fork/},
    note={``[Online; accessed 5-April-2020]''}
}

@inproceedings{securify,
    author = {Tsankov, Petar and Dan, Andrei and Drachsley-Cohen, Dana and Gervais, Arthur and Bunzli, Florian and Vechev, Martin},
    title = {Securify: Practical Security Analysis of Smart Contracts},
    year = {2018},
    url = {https://arxiv.org/pdf/1806.01143.pdf},
    note={``[Online; accessed 12-May-2020]''}
}


@misc{parity,
    author = "OpenEthereum",
    title="Parity",
    howpublished= {\url{https://www.parity.io/ethereum/}},
    year ="2020",
    note = "[Online; accessed 12-May-2020]"
}

@misc{infura,
    author = "Infura",
    title="Infura API suite",
    howpublished= {\url{https://infura.io/product}},
    year ="2020",
    note = "[Online; accessed 12-May-2020]"
}

@misc{manticore,
    author = "Trail of Bits",
    title="Manticore",
    howpublished= {\url{https://github.com/trailofbits/manticore}},
    year ="2019",
    note = "[Online; accessed 6-April-2020]"
}

@misc{openzeppelin,
    author = "OpenZeppelin",
    title="OpenZeppelin Contracts",
    howpublished= {\url{https://github.com/OpenZeppelin/openzeppelin-contracts}},
    year ="2019",
    note = "[Online; accessed 12-May-2020]"
}

@misc{swc,
    author = "Smart Contract Security",
    title="Smart Contract Weakness Classification and Test Cases",
    howpublished= {\url{https://swcregistry.io/}},
    year ="2019",
    note = "[Online; accessed 6-April-2020]"
}

@misc{etherscan,
    author = "Etherscan",
    title="Etherscan",
    howpublished= {\url{https://etherscan.io/aboutus}},
    year ="2015",
    note = "[Online; accessed 6-April-2020]"
}

@inproceedings{slither, author = {Feist, Josselin and Greico, Gustavo and Groce, Alex}, title = {Slither: A Static Analysis Framework for Smart Contracts}, year = {2019}, publisher = {IEEE Press}, url = {https://doi.org/10.1109/WETSEB.2019.00008}, doi = {10.1109/WETSEB.2019.00008}, booktitle = {Proceedings of the 2nd International Workshop on Emerging Trends in Software Engineering for Blockchain}, pages = {8?15}, numpages = {8}, location = {Montreal, Quebec, Canada}, series = {WETSEB ?19} }
 
@misc{echidna,
    author = "Cryptic",
    title="Echidna",
    howpublished= {\url{https://github.com/crytic/echidna}},
    year ="2020",
    note = "[Online; accessed 12-May-2020]"
}

@inproceedings{z3,
    title={Z3: An efficient SMT solver},
    author={De Moura, Leonardo and Bj{\o}rner, Nikolaj},
    booktitle={International conference on Tools and Algorithms for the Construction and Analysis of Systems},
    pages={337--340},
    year={2008},
    organization={Springer}
}

@misc{remix,
    author = "Remix",
    title="Remix Ethereum IDE",
    howpublished= {\url{https://remix.ethereum.org}},
    year ="2020",
    note = "[Online; accessed 6-April-2020]"
}

@misc{pakala,
    author = "Palkeo",
    title = "Pakala",
    howpublished = {\url{https://github.com/palkeo/pakala}},
    year = "2018",
    note = "[Online; accessed 3-May-2020]"
}

@misc{reddit, title={r/ethdev - ``Oh dear, somebody just got tricked on the same Honeypot again!"}, url={https://www.reddit.com/r/ethdev/comments/7xu4vr/oh_dear_somebody_just_got_tricked_on_the_same/dubakau/}, journal={reddit}}
